%% This BibTeX bibliography file was created using BibDesk.
%% http://bibdesk.sourceforge.net/

%% Created for Yifei Wang at 2016-06-12 11:55:45 +0200 


%% Saved with string encoding Unicode (UTF-8) 



@manual{Wang,
	Address = {cdqdwc},
	Author = {Wdxsjo},
	Date-Added = {2016-06-12 09:55:25 +0000},
	Date-Modified = {2016-06-12 09:55:41 +0000},
	Edition = {cdcdewq},
	Month = {cdwfewa},
	Organization = {sxa},
	Title = {Wamnhg},
	Year = {1003}}

@article{vonMisesR,
	Author = {von Mises},
	Date-Added = {2016-06-12 09:52:37 +0000},
	Date-Modified = {2016-06-12 09:52:37 +0000},
	Journal = {G{\"o}ttin. Nachr. Math. Phys},
	Pages = {582-592},
	Title = {Mechanik der festen K{\"o}rper im plastisch deformablen Zustand.},
	Volume = {1},
	Year = {1913}}

@book{FiniteElement,
	Author = {W. A. Wall},
	Date-Added = {2016-06-12 09:52:37 +0000},
	Date-Modified = {2016-06-12 09:52:37 +0000},
	Edition = {9},
	Editor = {Svenja Schoeder},
	Publisher = {Lehrstuhl f{\"u}r Numerische Mechanik, Fakult{\"a}t f{\"u}r Maschinenwesen, Technische Universit{\"a}t M{\"u}nchen},
	Title = {Finite Element},
	Year = {2014}}

@book{Felippa,
	Address = {Boulder, Colorado 80309-0429, USA},
	Author = {Carlos A. Felippa},
	Date-Added = {2016-06-12 09:52:37 +0000},
	Date-Modified = {2016-06-12 09:52:37 +0000},
	Publisher = {University of Colorado},
	Title = {INTRODUCTION to Introduction to Finite Element Methods},
	Year = {2004}}

@book{NichtlinearFEM,
	Author = {W. A. Wall; A. Popp},
	Date-Added = {2016-06-12 09:52:37 +0000},
	Date-Modified = {2016-06-12 09:52:37 +0000},
	Edition = {10},
	Editor = {G. Hammerl},
	Publisher = {Lehrstuhl f{\"u}r Numerische Mechanik, Fakult{\"a}t f{\"u}r Maschinenwesen, Technische Universit{\"a}t M{\"u}nchen},
	Title = {Nichtlineare Finite-Finite-Methoden},
	Year = {2015}}

@book{NumericalMethod,
	Address = {4835/24 Ansari Road, Daryaganj, New Delhi},
	Author = {Rao V. Dukkipati},
	Date-Added = {2016-06-12 09:52:37 +0000},
	Date-Modified = {2016-06-12 09:52:37 +0000},
	Publisher = {New Age International Publishers},
	Title = {Numerical Methods},
	Year = {2010}}

@book{VonMiese,
	Author = {P. M. Kurowski},
	Date-Added = {2016-06-12 09:52:37 +0000},
	Date-Modified = {2016-06-12 09:52:37 +0000},
	Title = {Von Mises Stress failure criterion},
	Year = {2012}}

@manual{ANSYSelement,
	Address = {Canonsburg, PA 15317},
	Author = {ANSYS, Inc},
	Date-Added = {2016-06-12 09:52:37 +0000},
	Date-Modified = {2016-06-12 09:52:37 +0000},
	Edition = {Release 15.0},
	Month = {November},
	Organization = {ANSYS, Inc},
	Title = {ANSYS Mechanical APDL Element Reference},
	Year = {2013}}

@manual{ANSYS,
	Address = {Canonsburg, PA 15317},
	Author = {ANSYS, Inc},
	Date-Added = {2016-06-12 09:52:37 +0000},
	Date-Modified = {2016-06-12 09:52:37 +0000},
	Edition = {Release 14.0},
	Month = {November},
	Organization = {ANSYS, Inc},
	Title = {ANSYS Parametric Design Language Guide},
	Year = {2011}}

@manual{qwe,
	Address = {fweaewaf},
	Author = {fwaefwaefw},
	Date-Added = {2016-06-12 09:52:37 +0000},
	Date-Modified = {2016-06-12 09:52:37 +0000},
	Edition = {wefwe},
	Keywords = {fwefwefs},
	Month = {fwefwef},
	Organization = {fwefweaf},
	Title = {efaawfawfaw},
	Year = {wefew}}

@manual{Numpy,
	Author = {Numpy},
	Date-Added = {2016-06-12 09:52:37 +0000},
	Date-Modified = {2016-06-12 09:52:37 +0000},
	Edition = {Release 1.11.0},
	Month = {May},
	Organization = {Numpy community},
	Title = {Numpy User Guide},
	Year = {2016}}

@manual{Pandas,
	Author = {Wes Mckinney},
	Date-Added = {2016-06-12 09:52:37 +0000},
	Date-Modified = {2016-06-12 09:52:37 +0000},
	Edition = {Release 0.18.1},
	Month = {May},
	Organization = {PyData Development Team},
	Title = {Pandas: powerful Python data analysis toolkit},
	Year = {2016}}

@manual{Python,
	Author = {Fred L. Drake, Jr.},
	Date-Added = {2016-06-12 09:52:37 +0000},
	Date-Modified = {2016-06-12 09:52:37 +0000},
	Edition = {3.51},
	Month = {June},
	Organization = {Python Software Foundation},
	Title = {The Python Language Reference},
	Year = {2016}}

@techreport{Wagner,
	Address = {Postfach 6980 76128 Karlsruhe},
	Author = {W. Wagner, F. Gruttmann},
	Date-Added = {2016-06-12 09:52:37 +0000},
	Date-Modified = {2016-06-12 09:52:37 +0000},
	Institution = {Institut f{\"u}r Baustatik, Universit{\"a}t Karlsruhe},
	Title = {FEM f{\"u}r Fl{\"a}chentragwerke -Beispiele zur Beurteilung der Leistungsf{\"a}higkeit},
	Year = {2005}}

@unpublished{Johannes,
	Author = {Johannes Rutzmoser},
	Date-Added = {2016-06-12 09:52:37 +0000},
	Date-Modified = {2016-06-12 09:52:37 +0000},
	Publisher = {Lehrstuhl f{\"u}r Angewandte Mechanik, Fakult{\"a}t f{\"u}r Maschinenwesen, Technische Universit{\"a}t M{\"u}nchen},
	Title = {MEMO: Nichtlineare Finite Elemente},
	Year = {2016}}

@manual{wwww,
	author = {wwww},
	title = {wwwww},
	date = {wwww},
	subtitle = {wwww},
	titleaddon = {wwww},
	language = {wwww},
	edition = {wwww},
	type = {wwwww},
	series = {wwww},
	number = {wwww},
	version = {wwww},
}
