%% This BibTeX bibliography file was created using BibDesk.
%% http://bibdesk.sourceforge.net/

%% Created for Yifei Wang at 2016-05-08 12:05:35 +0200 


%% Saved with string encoding Unicode (UTF-8) 



@book{NichtlinearFEM,
	Author = {W. A. Wall; A. Popp},
	Date-Added = {2016-05-08 09:55:04 +0000},
	Date-Modified = {2016-05-08 09:55:04 +0000},
	Edition = {10},
	Editor = {G. Hammerl},
	Publisher = {Lehrstuhl f{\"u}r Numerische Mechanik, Fakult{\"a}t f{\"u}r Maschinenwesen, Technische Universit{\"a}t M{\"u}nchen},
	Title = {Nichtlineare Finite-Finite-Methoden},
	Year = {2015}}

@unpublished{Johannes,
	Author = {Johannes Rutzmoser},
	Date-Added = {2016-05-08 09:55:01 +0000},
	Date-Modified = {2016-05-08 10:04:13 +0000},
	Publisher = {Lehrstuhl f{\"u}r Angewandte Mechanik, Fakult{\"a}t f{\"u}r Maschinenwesen, Technische Universit{\"a}t M{\"u}nchen},
	Title = {MEMO: Nichtlineare Finite Elemente},
	Year = {2016}}

@book{Felippa,
	Address = {Boulder, Colorado 80309-0429, USA},
	Author = {Carlos A. Felippa},
	Date-Added = {2016-05-08 09:54:58 +0000},
	Date-Modified = {2016-05-08 09:54:58 +0000},
	Publisher = {University of Colorado},
	Title = {INTRODUCTION to Introduction to Finite Element Methods},
	Year = {2004}}

@book{FiniteElement,
	Author = {W. A. Wall},
	Date-Added = {2016-05-08 09:54:55 +0000},
	Date-Modified = {2016-05-08 09:54:55 +0000},
	Edition = {9},
	Editor = {Svenja Schoeder},
	Publisher = {Lehrstuhl f{\"u}r Numerische Mechanik, Fakult{\"a}t f{\"u}r Maschinenwesen, Technische Universit{\"a}t M{\"u}nchen},
	Title = {Finite Element},
	Year = {2014}}
