%% This BibTeX bibliography file was created using BibDesk.
%% http://bibdesk.sourceforge.net/

%% Created for Yifei Wang at 2016-05-20 22:00:12 +0200 


%% Saved with string encoding Unicode (UTF-8) 



@book{NumericalMethod,
	Address = {4835/24 Ansari Road, Daryaganj, New Delhi},
	Author = {Rao V. Dukkipati},
	Date-Added = {2016-05-20 19:57:31 +0000},
	Date-Modified = {2016-05-20 19:57:34 +0000},
	Publisher = {New Age International Publishers},
	Title = {Numerical Methods},
	Year = {2010}}

@techreport{Wagner,
	Address = {Postfach 6980 76128 Karlsruhe},
	Author = {W. Wagner, F. Gruttmann},
	Date-Added = {2016-05-20 19:57:31 +0000},
	Date-Modified = {2016-05-20 19:57:34 +0000},
	Institution = {Institut f{\"u}r Baustatik, Universit{\"a}t Karlsruhe},
	Title = {FEM f{\"u}r Fl{\"a}chentragwerke -Beispiele zur Beurteilung der Leistungsf{\"a}higkeit},
	Year = {2005}}

@book{FiniteElement,
	Author = {W. A. Wall},
	Date-Added = {2016-05-20 19:57:31 +0000},
	Date-Modified = {2016-05-20 19:57:34 +0000},
	Edition = {9},
	Editor = {Svenja Schoeder},
	Publisher = {Lehrstuhl f{\"u}r Numerische Mechanik, Fakult{\"a}t f{\"u}r Maschinenwesen, Technische Universit{\"a}t M{\"u}nchen},
	Title = {Finite Element},
	Year = {2014}}

@book{Johannes,
	Author = {Johannes Rutzmoser},
	Date-Added = {2016-05-08 08:49:03 +0000},
	Date-Modified = {2016-05-08 08:55:41 +0000},
	Publisher = {Lehrstuhl f{\"u}r Angewandte Mechanik, Fakult{\"a}t f{\"u}r Maschinenwesen, Technische Universit{\"a}t M{\"u}nchen},
	Title = {MEMO: Nichtlineare Finite Elemente},
	Year = {2016}}

@book{Felippa,
	Address = {Boulder, Colorado 80309-0429, USA},
	Author = {Carlos A. Felippa},
	Date-Added = {2016-05-02 08:43:08 +0000},
	Date-Modified = {2016-05-02 08:46:38 +0000},
	Publisher = {University of Colorado},
	Title = {INTRODUCTION to Introduction to Finite Element Methods},
	Year = {2004}}

@book{NichtlinearFEM,
	Author = {W. A. Wall; A. Popp},
	Date-Added = {2016-05-02 08:39:46 +0000},
	Date-Modified = {2016-05-08 08:53:52 +0000},
	Edition = {10},
	Editor = {G. Hammerl},
	Publisher = {Lehrstuhl f{\"u}r Numerische Mechanik, Fakult{\"a}t f{\"u}r Maschinenwesen, Technische Universit{\"a}t M{\"u}nchen},
	Title = {Nichtlineare Finite-Finite-Methoden},
	Year = {2015}}
