%% This BibTeX bibliography file was created using BibDesk.
%% http://bibdesk.sourceforge.net/

%% Created for Yifei Wang at 2016-05-02 10:47:07 +0200 


%% Saved with string encoding Unicode (UTF-8) 



@book{Felippa,
	Address = {Boulder, Colorado 80309-0429, USA},
	Author = {Carlos A. Felippa},
	Date-Added = {2016-05-02 08:43:08 +0000},
	Date-Modified = {2016-05-02 08:46:38 +0000},
	Publisher = {University of Colorado},
	Title = {INTRODUCTION to Introduction to Finite Element Methods},
	Year = {2004}}

@book{NichtlinearFEM,
	Author = {W. A. Wall; A. Popp},
	Date-Added = {2016-05-02 08:39:46 +0000},
	Date-Modified = {2016-05-02 08:41:50 +0000},
	Edition = {10},
	Editor = {G. Hammerl},
	Publisher = {Technische Universit{\"a}t M{\"u}nchen},
	Title = {Nichtlineare Finite-Finite-Methoden},
	Year = {2015}}

@book{FiniteElement,
	Author = {W. A. Wall},
	Date-Added = {2016-05-02 08:35:30 +0000},
	Date-Modified = {2016-05-02 08:39:44 +0000},
	Edition = {9},
	Editor = {Svenja Schoeder},
	Publisher = {Technische Universit{\"a}t M{\"u}nchen },
	Title = {Finite Element},
	Year = {2014}}
